@book{myers1997,
  title={A decentralized model for information flow control},
  author={Myers, Andrew C and Liskov, Barbara},
  volume={31},
  number={5},
  year={1997},
  publisher={ACM}
}

@inproceedings{myers1998,
  title={Complete, safe information flow with decentralized labels},
  author={Myers, Andrew C and Liskov, Barbara},
  booktitle={Security and Privacy, 1998. Proceedings. 1998 IEEE Symposium on},
  pages={186--197},
  year={1998},
  organization={IEEE}
}

@article{myers2000,
  title={Protecting privacy using the decentralized label model},
  author={Myers, Andrew C and Liskov, Barbara},
  journal={ACM Transactions on Software Engineering and Methodology (TOSEM)},
  volume={9},
  number={4},
  pages={410--442},
  year={2000},
  publisher={ACM}
}
